@preamble{ "\newcommand{\noopsort}[1]{} "
	# "\newcommand{\printfirst}[2]{#1} "
	# "\newcommand{\singleletter}[1]{#1} "
	# "\newcommand{\switchargs}[2]{#2#1} " }

@STRING{ARoFM="Annual Reviews of Fluid Mechanics"}
@STRING{CRST="Cold Regions Science and Technology"}
@STRING{DNV="Det Norske Veritas"}
@STRING{IJMF="International Journal of Multiphase Flow"}
@STRING{MUN="Memorial University of Newfoundland"}
@STRING{MIT="Massachusetts Institute of Technology"}
@STRING{NTNU="Norwegian University of Science and Technology"}
@STRING{PTRSA="Philosophical Transactions of the Royal Society A"}

@ARTICLE{Anderson98,
	author={Anderson, D.M. and McFadden, G.B. and Wheeler, A.A.},
	title={Diffuse-interface methods in fluid mechanics},
	journal=ARoFM,
	year={1998},
	volume={301(1)},
	pages={139-165}
}

@ARTICLE{Ashgriz90,
    author={Ashgriz, N. and Poo, J.Y.},
    title={Coalescence and separation in binary collisions of liquid drops},
    journal={Journal of Fluid Mechanics},
    year={1990},
    volume={221},
    pages={183-204}
}

@ARTICLE{Bate03,
	author={Bate, M.R. and Bonnell, I.A. and Bromm, V.},
	title={
		The formation of a star cluster: predicting the properties of stars and
		brown dwarfs
	},
	journal={Monthly Notices of the Royal Astronomical Society},
	year={2003},
	volume={339},
	pages={577-599}
}

@ARTICLE{Bottone12,
	author={Bottone, F. and Kronenburg, A. and Gosman, D. and Marquis, A.},
	title={The Numerical Simulation of Diesel Spray Combustion with LES-CMC},
	journal={Flow, Turbulence and Combustion},
	year={2012},
	volume={89},
	pages={651-673}
}

@ARTICLE{Cebeci03,
  author={Cebeci, T. and Kafyeke, F.},
  title={Aircraft Icing},
  journal=ARoFM,
  year={2003},
  volume={35},
  pages={11-21}
}

@ARTICLE{Cleary99,
  author={Cleary, P.W. and Monaghan, J.J.},
  title={Conduction Modelling Using Smoothed Particle Hydrodynamics},
  journal={Journal of Computational Physics},
  year={1999},
  volume={148},
  pages={227-264}
}

@ARTICLE{Colagrossi03,
	author={Colagrossi, A. and Landrini, M.},
	title={
		Numerical simulation of interfacial flows by smoothed particle
			hydrodynamics
	},
	journal={Journal of Computational Physics},
	year={2003},
	volume={191},
	pages={448-475}
}

@ARTICLE{Colagrossi12,
  author={Colagrossi, A. and Bouscasse, B. and Antuono, M. and Marrone, S.},
  title={Particle packing algorithm for SPH schemes},
  journal={Computer Physics Communications},
  year={2012},
  volume={183},
  pages={1641-1653}
}

@ARTICLE{Crespo15,
  author={
    Crespo, A.J.C. and Dom\'inguez, J.M. and Rogers, B.D. and G\'omez-Gesteira, M. and Longshaw, S. and Canelas, R. and Vacondio, R. and Barreiro, A. and Garc\'ia-Feal, O.
  },
  title={
    DualSPHysics: Open-source parallel CFD solver based on Smoothed Particle Hydrodynamics (SPH)
  },
  journal={Computer Physics Communications},
  year={2015},
  volume={187},
  pages={204-216}
}

@ARTICLE{Cummins99,
  author={Cummins, S.J. and Rudman, M.},
  title={An SPH Projection Method},
  journal={Journal of Computational Physics},
  year={1999},
  volume={152},
  pages={584-607}
}

@ARTICLE{Dalrymple06,
  author={Dalrymple, R.A. and Rogers, B.D.},
  title={Numerical modeling of water waves with the SPH method},
  journal={Coastal Engineering},
  year={2006},
  volume={53},
  pages={141-147}
}

@ARTICLE{Dao13,
  author={Dao, M.H. and Xu, H. and Chan, E.S. and Tkalich, P.},
  title={},
  journal={},
  year={},
  volume={},
  pages={}
}

@ARTICLE{Dehghani16,
  author={Dehghani, S.R. and Muzychka, Y.S. and Naterer, G.F.},
  title={Droplet trajectories of wave-impact sea spray on a marine vessel},
  journal=CRST,
  year={2016},
  volume={127},
  pages={1-9}
}

@ARTICLE{Eggers97,
  author={Eggers, J.},
  title={
    Nonlinear dynamics and breakup of free-surface flows
  },
  journal={Reviews of Modern Physics},
  year={1997},
  volume={69},
  pages={865-926}
}

@ARTICLE{Ferrari09,
	author={Ferrari, A. and Dumbser, M. and Toro, E.F. and Armanini, A.},
	title={A new 3D parallel SPH scheme for free surface flows},
	journal={Computers \& Fluids},
	year={2009},
	volume={38},
	pages={1203-1217}
}

@ARTICLE{Gautier09,
  author={
    Gautier, D.L. and Bird, K.J. and Charpentier, R.R. and Grantz, A. and Houseknecht, D.W. and Klett, T.R. and Moore, T.E. and Pitman, J.K. and Schenk, C.J. and Schuenemeyer, J.J. and Sorensen, K. and Tennyson, M.E. and Valin, Z.C. and Wantrey, C.J.
  },
  title={Assessment of Undiscovered Oil and Gas in the Arctic},
  journal={Science},
  year={2009},
  volume={324},
  pages={1175-1179}
}

@ARTICLE{Gingold77,
  author={Gingold, R.A. and Monaghan, J.J.},
  title={Smoothed particle hydrodynamics: theory and application to non-spherical stars},
  journal={Monthly Notices of the Royal Astronomical Society},
  year={1977},
  volume={181},
  pages={375-389}
}

@ARTICLE{Ghadimi13,
	author={Ghadimi, P. and Dashtimanesh, A. and Farsi, M. and Najafi, S.},
	title={
		Investigation of free surface flow generated by a planing flat plate using smoothed particle hydrodynamics method and FLOW3D simulations
	},
	journal={Journal of Engineering for the Maritime Environment},
	year={2013},
	volume={227(2)},
	pages={125-135}
}

@ARTICLE{Gotoh04,
  author={Gotoh, H. and Shao, S. and Memita, T.},
  title={SPH-LES model for numerical investigation of wave interaction with partially immersed breakwater},
  journal={Coastal Engineering Journal},
  year={2004},
  volume={46},
  pages={39-63}
}

@ARTICLE{Guildenbecher09,
    author={Guildenbecher, D.B. and L\`{o}pez-Rivera, C. and Sojka, P.E.},
    title={Secondary Atomization},
    journal={Experiments in Fluids},
    year={2009},
    volume={46},
    pages={371-402}
}

@ARTICLE{Hashimoto12,
	author={
		Hashimoto, Y. and Yamada, T. and Yamaguchi, Y. and Sakai, K. and
		Nakajima, T. and Fujimura, H. and Kuroda, K.
	},
	title={
		SPH Simulations of Binary Collision between Liquid Droplets with Different
		Surface Tension and Interfacial Tension
	},
	journal={Japanese Journal of Multiphase Flow},
	year={2012},
	volume={25(5)},
	pages={451-458}
}

@ARTICLE{Jones12,
  author={Jones, K.F. and Andreas, E.L.},
  title={Sea spray concentrations and the icing of fixed offshore structures},
  journal={Quarterly Journal of the Royal Meteorological Society},
  year={2012},
  volume={138},
  pages={131-144}
}

@ARTICLE{Landrini12,
  author={
    Landrini, M. and Colagrossi, A. and Greco, M. and Tulin, M.P.
  },
  title={
    The fluid mechanics of splashing bow waves on ships: A hybrid BEM-SPH analysis
  },
  journal={Ocean Engineering},
  year={2012},
  volume={53},
  pages={111-127}
}

@ARTICLE{Li02,
  author={Li, S. and Liu, W.K.},
  title={Meshfree and particle methods and their applications},
  journal={Applied Mechanical Reviews},
  year={2002},
  volume={55(1)},
  pages={1-34}
}

@ARTICLE{Lister98,
  author={Lister, J.R. and Stone, H.A.},
  title={
    Capillary breakup of a viscous thread surrounded by another viscous fluid
  },
  journal={Physics of Fluids},
  year={1998},
  pages={2758-2764}
}

@ARTICLE{Liu09,
  author={Liu, M.B. and Liu, G.R.},
  title={
    Smoothed Particle Hydrodynamics (SPH): an Overview and Recent Developments
  },
  journal={Archives of Computational Methods in Engineering},
  year={2009},
  volume={17},
  pages={25-76}
}

@ARTICLE{Liu10,
	author={Liu, M.B. and Liu, G.R.},
	title={
		Smoothed Particle Hydrodynamics (SPH): an Overview and Recent Developments
	},
	journal={Archives of Computational Methods in Engineering},
	year={2010},
	volume={17},
	pages={25-76}
}

@ARTICLE{Lo02,
    author={Lo, E. and Shao, S.},
    title={Simulation of near-shore solitary wave mechanics by an incompressible SPH method},
    journal={Applied Ocean Research},
    year={2002},
    volume={24},
    pages={275-286}
}

@ARTICLE{Lopez13,
	author={L{\'o}pez, Y.R. and Roose, D.},
	title={
		Dynamic particle refinement in SPH: application to free surface flow and
		non-cohesive soil simulations
	},
	journal={Computational Mechanics},
	year={2013},
	volume={51},
	pages={731-741}
}

@ARTICLE{Lozowski00,
  author={Lozowski, E.P. and Szilder, K. and Makkonen, L.},
  title={Computer simulation of marine ice accretion},
  journal=PTRSA,
  year={2000},
  volume={358},
  pages={2811-2845}
}

@ARTICLE{Lucy77,
  author={Lucy, L.B.},
  title={A numerical approach to the testing of the fission hypothesis},
  journal={The Astronomical Journal},
  year={1977},
  volume={82(12)},
  pages={1013-1024}
}

@ARTICLE(Lycett14,
	author={Lycett-Brown, D. and Luo, K.H. and Liu, R. and Lv, P.},
	title={
		Binary droplet collision simulations by a multiphase cascaded lattice
		Boltzmann method
	},
	journal={Physics of Fluids},
	year={2014},
	volume={26},
	pages={023303}
)

@ARTICLE{Marrone11,
  author={
    Marrone, S. and Antuono, M. and Colagrossi, A. and Colicchio, G. and Le Touz\'e, D. and Graziani, G.
  },
  title={
    $\delta$-SPH model for simulating violent impact flows
  },
  journal={
    Computational Methods in Applied Mechanical Engineering
  },
  year={2011},
  volume={200},
  pages={1526-1542}
}

@ARTICLE{Marrone11a,
  author={
    Marrone, S. and Colagrossi, A. and Antuono, M. and Tulin, M.P.
  },
  title={
    A $2D+t$ SPH model to study the breaking wave patters generated by fast ships
  },
  journal={Journal of Fluids and Structures},
  year={2011},
  volume={27},
  pages={1199-1215}
}

@ARTICLE{Marrone12,
  author={
    Marrone, S. and Bouscasse, B. and Colagrossi, A. and Antuono, M.
  },
  title={
    Study of ship wave breaking patterns using 3D parallel SPH simulations
  },
  journal={Computers \& Fluids},
  year={2012},
  volume={69},
  pages={54-66}
}

@ARTICLE{Maxwell55,
  author={Maxwell, J.C.},
  title={On \mbox{Faraday's} Lines of Force},
  journal={Transactions of the Cambridge Philosophical Society},
  volume={X},
  year={1855}
}

@ARTICLE{Monaghan92,
	author={Monaghan, J.J.},
	title={Smoothed Particle Hydrodynamics},
	journal={Annual Review of Astronomy and Astrophysics},
	year={1992},
	volume={30},
	pages={543-574}
}

@ARTICLE{Monaghan05,
	author={Monaghan, J.J.},
	title={Smoothed Particle Hydrodynamics},
	journal={Reports on Progress in Physics},
	year={2005},
	volume={68},
	pages={1703-1759}
}

@ARTICLE{Novikov97,
  author={Novikov, E.A. and Dommermuth, D.G.},
  title={Distribution of droplets in a turbulent spray},
  journal={Physical Review E},
  year={1997},
  volume={56(5)},
  pages={5479-5482}
}

@ARTICLE{Pan05,
	author={Pan, Y. and Suga, K.},
	title={Numerical simulation of binary liquid droplet collision},
	journal={Physics of Fluids},
	year={2005},
	volume={17},
	pages={082105}
}

@ARTICLE{Peregrine03,
	author={Peregrine, D.H.},
	title={Water-Wave Impact on Walls},
	journal={Annual Review of Fluid Mechanics},
	year={2003},
	volume={35},
	pages={23-43}
}

@ARTICLE{Poozesh16,
	author={Poozesh, S. and Akafuah, N. and Saito, K.},
	title={
		New criteria for filament breakup on droplet-on-demand inkjet printing
		using volume of fluid (VOF) method
	},
	journal={Korean Journal of Chemical Engineering},
	year={2016},
	volume={33(3)},
	pages={775-781}
}

@ARTICLE{Randles96,
  author={Randles, P.W. and Libersky, L.D.},
  title={Smoothed Particle Hydrodynamics: Some recent improvements and applications},
  journal={Computer methods in applied mechanics and engineering},
  year={1996},
  volume={139},
  pages={375-408}
}

@ARTICLE{Ren11,
	author={Ren, N. and Baum, H.R. and Marshall, A.W.},
	title={A comprehensive methodology for characterizing sprinkler sprays},
	journal={Proceedings of the Combustion Institute},
	year={2011},
	volume={33},
	pages={2547-2554}
}

@ARTICLE{Ren14,
  author={Ren, N. and Marshall, A.W.},
  title={Characterizing the initial spray from large Weber number impinging jets},
  journal=IJMF,
  year={2014},
  volume={58},
  pages={205-213}
}

@ARTICLE{Rosswog02,
	author={Rosswog, S. and Davies, M.B.},
	title={
		High-resolution calculations of merging neutro stars -- I. Model 
			description and hydrodynamic evolution
	},
	journal={Monthly Notices of the Royal Astronomical Society},
	year={2002},
	volume={334},
	pages={481-497}
}

@ARTICLE{Ryerson95,
	author={Ryerson, C.C.},
	title={
		Superstructure spray and ice accretion on a large U.S. Coast Guard Cutter
	},
	journal={Atmospheric Research},
	year={1995},
	volume={36},
	pages={321-337}
}

@ARTICLE{Ryerson11,
  author={Ryerson, C.C.},
  title={Ice protection of offshore platforms},
  journal=CRST,
  year={2011},
  volume={65},
  pages={97-110}
}

@ARTICLE{Tartakovsky05,
  author={Tartakovzky, A. and Meakin, P.},
  title={
    Modeling of surface tension and contact angles with smoothed particle hydrodynamics
  },
  journal={
   Physical Review E
  },
  year={2005},
  volume={72},
  pages={026301}
}

@ARTICLE{Villermaux07,
	author={Villermaux, E.},
	title={Fragmentation},
	journal=ARoFM,
	year={2007},
	volume={39},
	pages={419-446}
}

@ARTICLE{Zakrzewski86,
  author={Zakrzewski, P.W.},
  title={Splashing a ship with collision-generated spray},
  journal=CRST,
  year={1986},
  volume={14},
  pages={65-83}
}

@ARTICLE{Zheng14,
  author={Zheng, X. and Qing-wei, M.A. and Duan, W.-Y.},
  title={
    Comparative Study of Different SPH Schemes on Simulating Violent Water Wave Impact Flows
  },
  journal={China Ocean Engineering},
  year={2014},
  volume={28(6)},
  pages={791-806}
}

@BOOK{Dodson77,
  author={Dodson, C.T. and Poston, T.},
  title={Tensor Geometry: the geometric viewpoint and its uses},
  publisher={Pitman},
  address={London, UK},
  edition={First},
  year={1977}
}

@BOOK{Epstein10,
  author={Epstein, M.},
  title={The Geometrical Language of Continuum Mechanics},
  publisher={Cambridge University Press},
  address={Cambridge, UK},
  edition={First},
  year={2010}
}

@BOOK{Farazaneh08,
  author={Farazaneh, M.},
  title={Atmospheric icing of power networks},
  publisher={Springer},
  address={Dordrecht, DE},
  edition={First},
  year={2008}
}

@BOOK{Kalish80,
  author={Kalish, D. and Montague, R. and Mar, G.},
  title={Logic: Techniques of Formal Reasoning},
  publisher={Oxford University Press},
  address={New York, NY},
  edition={Second},
  year={1980}
}

@BOOK{Lamb32,
  author={Sir H. Lamb},
  title={Hydrodynamics},
  publisher={Cambridge University Press},
  address={Cambridge, UK},
  edition={Sixth},
  year={1932}
}

@BOOK{Lee03,
  author={Lee, J.M.},
  title={Introduction to Smooth Manifolds},
  publisher={Springer-Verlag New York, Inc.},
  address={New York, NY},
  edition={First},
  year={2003}
}

@BOOK{Liu03,
  author={Liu, G.R. and Liu, M.B.},
  title={Smoothed Particle Hydrodynamics},
  publisher={World Scientific Publishing Company},
  address={Singapore},
  year={2003}
}

@BOOK{Malvern69,
  author={Malvern, L.E.},
  title={
    Introduction to the Mechanics of a Continuous Medium
  },
  publisher={Prentice-Hall, Inc.},
  address={Englewood Cliffs, New Jersey},
  year={1969}
}

@BOOK{Szekeres04,
  author={Szekeres, P.},
  title={A Course in Modern Mathematical Physics},
  publisher={Cambridge University Press},
  address={Cambridge, UK},
  edition={First},
  year={2004}
}

@BOOK{Violeau09,
  author={Violeau, D.},
  title={Fluid Mechanics and the SPH Method},
  publisher={Oxford University Press},
  address={Oxford, UK},
  edition={First},
  year={2012}
}

@INPROCEEDINGS{Hendrickson03,
	author={
		Hendrickson, K. and Shen, L. and Yue, L. and Dommermuth, D.K.P. and Adams, P.
	},
	title={
		Simulation of steep breaking waves and spray sheets around a ship: the last 
		frontier in computational ship hydrodynamics},
	booktitle={User Group Conference Proceedings},
	month={June},
	year={2003},
	address={Bellevue, WA}
}

@INPROCEEDINGS{Kondo07,
  author={
   Kondo, M. and Suzuki, K. and Koshizuka, S. and Takimoto, M.
  },
  title={
    Surface tension model using inter-particle force in particle method
  },
  booktitle={
    Proceedings of the 5$^\text{th}$ Joint Americal Society of Mechanical Engineers/Japan Society of Mechanical Engineers Fluids Engineering Conference
  },
  month={August},
  year={2007},
  address={San Diego, California}
}

@INPROCEEDINGS{Kulyakhtin12,
  author={
    Kulyakhtin, A. and Shipilova, O. and Libby, B. and L{\o}set, S.
  },
  title={
    Full-scale 3D CFD Simulation of Spray Impingement on a Vessel Produced by Ship-wave Interaction
  },
  booktitle={21st IAHR International Symposium on Ice},
  month={June},
  year={2012},
  address={Dalian, China}
}

@INPROCEEDINGS{Ma11,
	author={Ma, D.-J. and Chen, X.-D. and Khare, P. and Yang, V.},
	title={
		Atomization patterns and breakup characteristics of liquid sheets formed by
			two impinging jets
	},
	booktitle={49th AIAA Aerospace Sciences Meeting},
	month={January},
	year={2011},
	address={Orlando, Florida}
}

@INPROCEEDINGS{Shipilova12,
  author={Shipilova, O. and Kulyakhtin, A.},
  title={Spray Generation in Marine Icing of Vessels},
  booktitle={2nd International Conference on Violent Flows},
  pages={27},
  month={September},
  year={2012},
  address={Nantes, France}
}

@INPROCEEDINGS{Takashima12,
	author={
		Takashima, T. and Ito, T. and Shigeta, M. and Izawa, S. and
		Fukunishi, Y.
	},
	title={
		Simulation of Liquid Jet Breakup Process by Three-Dimensional
		Incompressible SPH Method
	},
	booktitle={Seventh International Conference on Computational Fluid Dynamics},
	month={July},
	year={2012},
	address={Big Island, Hawaii}
}

@MASTERSTHESIS{Hansen12,
  author={Hansen, E.S.},
  title={Numerical modelling of marine icing on offshore structures and vessels},
  school=NTNU,
  year={2012}
}

@MISC{DualSPHysics,
  title={DualSPHysics},
  howpublished={http://www.dual.sphysics.org/},
  note={Accessed: May 5, 2016}
}

@PHDTHESIS{Colagrossi05,
  author={Colagrossi, A.},
  title={A Meshless Lagrangian Method for Free–Surface and Interface Flows with Fragmentation},
  school={Sapienza University of Rome},
  year={2005}
}

@PHDTHESIS{Kulyakhtin14,
  author={Kulyakhtin, A.},
  title={Numerical Modelling and Experiments on Sea Spray Icing},
  school=NTNU,
  year={2014},
}

@TECHREPORT{DNV14,
  author={Libby, B. and Shipilova, O. and Ekeberg, O.-C. and Moslet, P.O.},
  title={MARICE Project Summary},
  institution=DNV,
  year={2014},
}

@UNPUBLISHED{Liu06,
  author={Liu, I.S.},
  title={A Continuum Mechanics Primer},
  institution={Universidade Federal do Rio de Janeiro Caixa},
  year={2006}
}

@UNPUBLISHED{Funk12,
   author={Funk, C.},
   title={Freezing Spray and Ice Accretion on Vessels: A Comprehensive Summary},
   institution={Weber State University},
   address={Ogden, UT, USA},
   series={Proceedings of the National Conference On Undergraduate Research},
   month={March},
   year={2012}
}

@UNPUBLISHED{Tausk10,
   author={Tausk, D.V.},
   title={Notes on Mathematical Physics for Mathematicians},
   url={https://www.ime.usp.br/~tausk/texts/MathPhysics.pdf},
   institution={Universidade de S\~ao Paulo},
   address={S\~ao Paulo},
   year={2010}
}

@UNPUBLISHED{Weymouth06,
  author={
    Weymouth, G. and Hendrickson, K. and O'Shea, T. and Dommermuth, D.G. and Yue, K.P. and Adams, P. and Hand, R.
  },
  title={
    Modeling Breaking Ship Waves for Design and Analysis of Naval Vessels
  },
  url={
    http://web.mit.edu/weymouth/Public/Papers/weymouth_UCG_06.pdf
  },
  institution=MIT,
  address={Cambridge, MA},
  year={2006}
}

The KEY field is here to override the KEY field in the journal being
cross referenced (so is the NOTE field, in addition to its imparting
information).

@ARTICLE{article-full,
   author = {L[eslie] A. Aamport},
   title = {The Gnats and Gnus Document Preparation System},
   journal = {\mbox{G-Animal's} Journal},
   year = 1986,
   volume = 41,
   number = 7,
   pages = "73+",
   month = jul,
   note = "This is a full ARTICLE entry",
}

@ARTICLE{article-crossref,
   crossref = {WHOLE-JOURNAL},
   key = "",
   author = {L[eslie] A. Aamport},
   title = {The Gnats and Gnus Document Preparation System},
   pages = "73+",
   note = "This is a cross-referencing ARTICLE entry",
}

@ARTICLE{whole-journal,
   key = "GAJ",
   journal = {\mbox{G-Animal's} Journal},
   year = 1986,
   volume = 41,
   number = 7,
   month = jul,
   note = {The entire issue is devoted to gnats and gnus
		(this entry is a cross-referenced ARTICLE (journal))},
}

@INBOOK{inbook-minimal,
   author = "Donald E. Knuth",
   title = "Fundamental Algorithms",
   publisher = "Addison-Wesley",
   year = "{\noopsort{1973b}}1973",
   chapter = "1.2",
}

@INBOOK{inbook-full,
   author = "Donald E. Knuth",
   title = "Fundamental Algorithms",
   volume = 1,
   series = "The Art of Computer Programming",
   publisher = "Addison-Wesley",
   address = "Reading, Massachusetts",
   edition = "Second",
   month = "10~" # jan,
   year = "{\noopsort{1973b}}1973",
   type = "Section",
   chapter = "1.2",
   pages = "10--119",
   note = "This is a full INBOOK entry",
}

@INBOOK{inbook-crossref,
   crossref = "whole-set",
   title = "Fundamental Algorithms",
   volume = 1,
   series = "The Art of Computer Programming",
   edition = "Second",
   year = "{\noopsort{1973b}}1973",
   type = "Section",
   chapter = "1.2",
   note = "This is a cross-referencing INBOOK entry",
}

@BOOK{book-minimal,
   author = "Donald E. Knuth",
   title = "Seminumerical Algorithms",
   publisher = "Addison-Wesley",
   year = "{\noopsort{1973c}}1981",
}

@BOOK{book-full,
   author = "Donald E. Knuth",
   title = "Seminumerical Algorithms",
   volume = 2,
   series = "The Art of Computer Programming",
   publisher = "Addison-Wesley",
   address = "Reading, Massachusetts",
   edition = "Second",
   month = "10~" # jan,
   year = "{\noopsort{1973c}}1981",
   note = "This is a full BOOK entry",
}

@BOOK{book-crossref,
   crossref = "whole-set",
   title = "Seminumerical Algorithms",
   volume = 2,
   series = "The Art of Computer Programming",
   edition = "Second",
   year = "{\noopsort{1973c}}1981",
   note = "This is a cross-referencing BOOK entry",
}

@BOOK{whole-set,
   author = "Donald E. Knuth",
   publisher = "Addison-Wesley",
   title = "The Art of Computer Programming",
   series = "Four volumes",
   year = "{\noopsort{1973a}}{\switchargs{--90}{1968}}",
   note = "Seven volumes planned (this is a cross-referenced set of BOOKs)",
}

@BOOKLET{booklet-minimal,
   key = "Kn{\printfirst{v}{1987}}",
   title = "The Programming of Computer Art",
}

@BOOKLET{booklet-full,
   author = "Jill C. Knvth",
   title = "The Programming of Computer Art",
   howpublished = "Vernier Art Center",
   address = "Stanford, California",
   month = feb,
   year = 1988,
   note = "This is a full BOOKLET entry",
}

@INCOLLECTION{incollection-minimal,
   author = "Daniel D. Lincoll",
   title = "Semigroups of Recurrences",
   booktitle = "High Speed Computer and Algorithm Organization",
   publisher = "Academic Press",
   year = 1977,
}

@INCOLLECTION{incollection-full,
   author = "Daniel D. Lincoll",
   title = "Semigroups of Recurrences",
   editor = "David J. Lipcoll and D. H. Lawrie and A. H. Sameh",
   booktitle = "High Speed Computer and Algorithm Organization",
   number = 23,
   series = "Fast Computers",
   chapter = 3,
   type = "Part",
   pages = "179--183",
   publisher = "Academic Press",
   address = "New York",
   edition = "Third",
   month = sep,
   year = 1977,
   note = "This is a full INCOLLECTION entry",
}

@INCOLLECTION{incollection-crossref,
   crossref = "whole-collection",
   author = "Daniel D. Lincoll",
   title = "Semigroups of Recurrences",
   pages = "179--183",
   note = "This is a cross-referencing INCOLLECTION entry",
}

@BOOK{whole-collection,
   editor = "David J. Lipcoll and D. H. Lawrie and A. H. Sameh",
   title = "High Speed Computer and Algorithm Organization",
   booktitle = "High Speed Computer and Algorithm Organization",
   number = 23,
   series = "Fast Computers",
   publisher = "Academic Press",
   address = "New York",
   edition = "Third",
   month = sep,
   year = 1977,
   note = "This is a cross-referenced BOOK (collection) entry",
}

@MANUAL{manual-minimal,
   key = "Manmaker",
   title = "The Definitive Computer Manual",
}

@MANUAL{manual-full,
   author = "Larry Manmaker",
   title = "The Definitive Computer Manual",
   organization = "Chips-R-Us",
   address = "Silicon Valley",
   edition = "Silver",
   month = apr # "-" # may,
   year = 1986,
   note = "This is a full MANUAL entry",
}

@MASTERSTHESIS{mastersthesis-minimal,
   author = "{\'{E}}douard Masterly",
   title = "Mastering Thesis Writing",
   school = "Stanford University",
   year = 1988,
}

@MASTERSTHESIS{mastersthesis-full,
   author = "{\'{E}}douard Masterly",
   title = "Mastering Thesis Writing",
   school = "Stanford University",
   type = "Master's project",
   address = "English Department",
   month = jun # "-" # aug,
   year = 1988,
   note = "This is a full MASTERSTHESIS entry",
}

@MISC{misc-minimal,
   key = "Missilany",
   note = "This is a minimal MISC entry",
}

@MISC{misc-full,
   author = "Joe-Bob Missilany",
   title = "Handing out random pamphlets in airports",
   howpublished = "Handed out at O'Hare",
   month = oct,
   year = 1984,
   note = "This is a full MISC entry",
}

@STRING{STOC-key = "OX{\singleletter{stoc}}"}

@STRING{ACM = "The OX Association for Computing Machinery"}

@STRING{STOC = " Symposium on the Theory of Computing"}

@INPROCEEDINGS{inproceedings-minimal,
   author = "Alfred V. Oaho and Jeffrey D. Ullman and Mihalis Yannakakis",
   title = "On Notions of Information Transfer in {VLSI} Circuits",
   booktitle = "Proc. Fifteenth Annual ACM" # STOC,
   year = 1983,
}

@INPROCEEDINGS{inproceedings-full,
   author = "Alfred V. Oaho and Jeffrey D. Ullman and Mihalis Yannakakis",
   title = "On Notions of Information Transfer in {VLSI} Circuits",
   editor = "Wizard V. Oz and Mihalis Yannakakis",
   booktitle = "Proc. Fifteenth Annual ACM" # STOC,
   number = 17,
   series = "All ACM Conferences",
   pages = "133--139",
   month = mar,
   year = 1983,
   address = "Boston",
   organization = ACM,
   publisher = "Academic Press",
   note = "This is a full INPROCEDINGS entry",
}

@INPROCEEDINGS{inproceedings-crossref,
   crossref = "whole-proceedings",
   author = "Alfred V. Oaho and Jeffrey D. Ullman and Mihalis Yannakakis",
   title = "On Notions of Information Transfer in {VLSI} Circuits",
   organization = "",
   pages = "133--139",
   note = "This is a cross-referencing INPROCEEDINGS entry",
}

@PROCEEDINGS{proceedings-minimal,
   key = STOC-key,
   title = "Proc. Fifteenth Annual" # STOC,
   year = 1983,
}

@PROCEEDINGS{proceedings-full,
   editor = "Wizard V. Oz and Mihalis Yannakakis",
   title = "Proc. Fifteenth Annual" # STOC,
   number = 17,
   series = "All ACM Conferences",
   month = mar,
   year = 1983,
   address = "Boston",
   organization = ACM,
   publisher = "Academic Press",
   note = "This is a full PROCEEDINGS entry",
}

@PROCEEDINGS{whole-proceedings,
   key = STOC-key,
   organization = ACM,
   title = "Proc. Fifteenth Annual" # STOC,
   address = "Boston",
   year = 1983,
   booktitle = "Proc. Fifteenth Annual ACM" # STOC,
   note = "This is a cross-referenced PROCEEDINGS",
}

@PHDTHESIS{phdthesis-minimal,
   author = "F. Phidias Phony-Baloney",
   title = "Fighting Fire with Fire: Festooning {F}rench Phrases",
   school = "Fanstord University",
   year = 1988,
}

@PHDTHESIS{phdthesis-full,
   author = "F. Phidias Phony-Baloney",
   title = "Fighting Fire with Fire: Festooning {F}rench Phrases",
   school = "Fanstord University",
   type = "{PhD} Dissertation",
   address = "Department of French",
   month = jun # "-" # aug,
   year = 1988,
   note = "This is a full PHDTHESIS entry",
}

@TECHREPORT{techreport-minimal,
   author = "Tom Terrific",
   title = "An {$O(n \log n / \! \log\log n)$} Sorting Algorithm",
   institution = "Fanstord University",
   year = 1988,
}

@TECHREPORT{techreport-full,
   author = "Tom T{\'{e}}rrific",
   title = "An {$O(n \log n / \! \log\log n)$} Sorting Algorithm",
   institution = "Fanstord University",
   type = "Wishful Research Result",
   number = "7",
   address = "Computer Science Department, Fanstord, California",
   month = oct,
   year = 1988,
   note = "This is a full TECHREPORT entry",
}

@UNPUBLISHED{unpublished-minimal,
   author = "Ulrich {\"{U}}nderwood and Ned {\~N}et and Paul {\={P}}ot",
   title = "Lower Bounds for Wishful Research Results",
   note = "Talk at Fanstord University (this is a minimal UNPUBLISHED entry)",
}

@UNPUBLISHED{unpublished-full,
   author = "Ulrich {\"{U}}nderwood and Ned {\~N}et and Paul {\={P}}ot",
   title = "Lower Bounds for Wishful Research Results",
   month = nov # ", " # dec,
   year = 1988,
   note = "Talk at Fanstord University (this is a full UNPUBLISHED entry)",
}

@MISC{random-note-crossref,
   key = {Volume-2},
   note = "Volume~2 is listed under Knuth \cite{book-full}"
}
